@article{GHIA1982387,
title = "High-Re solutions for incompressible flow using the Navier-Stokes equations and a multigrid method",
journal = "Journal of Computational Physics",
volume = "48",
number = "3",
pages = "387 - 411",
year = "1982",
issn = "0021-9991",
doi = "https://doi.org/10.1016/0021-9991(82)90058-4",
url = "http://www.sciencedirect.com/science/article/pii/0021999182900584",
author = "U Ghia and K.N Ghia and C.T Shin"
}