@book{cockburn_shu_johnson_tadmor_quarteroni_1998,
place={Berlin, Heidelberg},
title={Advanced Numerical Approximation of Nonlinear Hyperbolic Equations Lectures given at the 2nd Session of the Centro Internazionale Matematico Estivo (C.I.M.E.) held in Cetraro, Italy, June 23-28, 1997},
publisher={Springer Berlin Heidelberg},
author={Cockburn, B. and Shu, Chi-Wang and Johnson, Claes and Tadmor, Eitan and Quarteroni, Alfio},
year={1998}
}
