@article{Ku:1987:PMS:33136.33145,
 author = {Ku, Hwar C. and Hirsh, Richard S. and Taylor, Thomas D.},
 title = {A Pseudospectral Method for Solution of the Three-dimensional Incompressible Navier-Stokes Equations},
 journal = {J. Comput. Phys.},
 issue_date = {June 1, 1987},
 volume = {70},
 number = {2},
 month = jun,
 year = {1987},
 issn = {0021-9991},
 pages = {439--462},
 numpages = {24},
 url = {http://dx.doi.org/10.1016/0021-9991(87)90190-2},
 doi = {10.1016/0021-9991(87)90190-2},
 acmid = {33145},
 publisher = {Academic Press Professional, Inc.},
 address = {San Diego, CA, USA},
}